<Doc xmlns:gs2="http://www.greenstone.org/gs2" file="HASH7c57\5f57a57c\fb45ab00\33s29.dir\doc.xml"  gs2:docOID="HASH7c575f57a57cfb45ab0033s29" gs2:mode="add">

<Sec  gs2:docOID="HASH7c575f57a57cfb45ab0033s29" gs2:mode="add">
&lt;pre&gt;
 LDR 01585cjm  2200349 a 4500
001     5677124
005     20020523154210.0
007     sdubsmennmplu
008     930427s1973    nyuppn              eng d
035    _9 (DLC)   93709825
906    _a 7
       _b cbc
       _c copycat
       _d 4
       _e ncip
       _f 19
       _g y-genmusic
010    _a    93709825 
028 02 _a KC 32525
       _b Columbia
035    _a (OCoLC)11663640
040    _a TM
       _c DLC
       _d DLC
042    _a lccopycat
050 00 _a Columbia KC 32525
245 00 _a Easy listening Beatles
       _h [sound recording] :
       _b for people who hate rock and roll.
260    _a New York, N.Y. :
       _b Columbia,
       _c p1973.
300    _a 1 sound disc :
       _b analog, 33 1/3 rpm, stereo. ;
       _c 12 in.
500    _a Popular music.
500    _a Words and music by John Lennon, Paul McCartney and George
 Harrison.
511 0  _a Arranged and performed by various artists and
 ensembles.
505 0  _a Hey Jude (Ray Conniff) -- Fool on the hill (Percy Faith,
 his orchestra and chorus) -- Yesterday (Ray Conniff) -- Eleanor
 Rigby (Johnny Mathis) -- You've got to hide your love away
 (Percy Faith and his orchestra) -- My sweet Lord (Johnny
 Mathis) -- Something (Peter Nero) -- The long and winding road
 (Andre Kostelanetz) -- Michelle (Andre Kostelanetz and his
 orchestra) -- Variations on the theme &quot;Ob-la-di ob-la-da&quot;
 (Peter Nero) -- Let it be (Jerry Vale).
650  0 _a Popular music
       _y 1971-1980.
700 1  _a Lennon, John,
       _d 1940-1980.
700 1  _a McCartney, Paul.
700 1  _a Harrison, George,
       _d 1943-
710 2  _a Beatles.
952    _a New
953    _a TA28
991    _b c-RecSound
       _h Columbia KC 32525
       _w MUSIC
&lt;/pre&gt;
 
</Sec>


</Doc>
